%% This BibTeX bibliography file was created using BibDesk.
%% http://bibdesk.sourceforge.net/


%% Created for Andreas Hornig at 2014-07-25 13:44:13 +0200 


%% Saved with string encoding Unicode (UTF-8) 

@misc{fig:Controllingkonzeption,
	Author = {Scherm / Pietsch},
	Date-Added = {2014-06-28 19:55:23 +0000},
	Date-Modified = {2014-06-28 19:55:41 +0000},
	Title = {Controllingkonzeption},
	Year = {2003}}

@misc{fig:Ablaufplan,
	Author = {Florian Weber},
	Date-Added = {2014-06-28 19:55:23 +0000},
	Date-Modified = {2014-06-28 19:55:41 +0000},
	Title = {Ablaufplan Bachelorthesis},
	Month = {Mai},
	Year = {2014}}
	
@misc{web:Handelsblatt,
	Author = {Handelsblatt},
	Date-Added = {2014-06-27 21:02:41 +0000},
	Date-Modified = {2014-06-27 21:04:52 +0000},
	Howpublished = {\url{http://www.handelsblatt.com/unternehmen/it-medien/sparkurs-hinweise-auf-telekom-stellenabbau/10068612.html}},
	Month = {19 Juni},
	Title = {Hinweise auf Telekom-Stellenabbau},
	Year = {2014}}
	
@misc{web:LiveCylce,
	Author = {Michael Kresse},
	Date-Added = {2014-06-27 21:02:41 +0000},
	Date-Modified = {2014-06-27 21:04:52 +0000},
	Howpublished = {\url{http://wiki-itil.de/Service_Lifecycle}},
	Title = {Service Livecycle ITIL},
	Year = {2014}}

@misc{web:Controlling,
	Author = {Gabler Wirtschaftslexikon},
	Date-Added = {2014-06-27 21:02:41 +0000},
	Date-Modified = {2014-06-27 21:04:52 +0000},
	Howpublished = {\url{http://wirtschaftslexikon.gabler.de/Definition/controlling.html}},
	Title = {Controlling},
	Year = {2014}}
	

